@article{coombs1987markup,
  title={Markup systems and the future of scholarly text processing},
  author={Coombs, James H and Renear, Allen H and DeRose, Steven J},
  journal={Communications of the ACM},
  volume={30},
  number={11},
  pages={933--947},
  year={1987},
  publisher={ACM}
}

@article{wong2008towards,
    title={Towards achieving fairness in the Linux scheduler},
    author={Wong, Chee Siang and Tan, Ian and Kumari, Rosalind Deena and Wey, Fun},
    journal={ACM SIGOPS Operating Systems Review},
    volume={42},
    number={5},
    pages={34--43},
    year={2008},
    publisher={ACM New York, NY, USA}
}

